%YAML 1.1
%TAG !u! tag:unity3d.com,2011:
--- !u!29 &1
OcclusionCullingSettings:
  m_ObjectHideFlags: 0
  serializedVersion: 2
  m_OcclusionBakeSettings:
    smallestOccluder: 5
    smallestHole: 0.25
    backfaceThreshold: 100
  m_SceneGUID: 00000000000000000000000000000000
  m_OcclusionCullingData: {fileID: 0}
--- !u!104 &2
RenderSettings:
  m_ObjectHideFlags: 0
  serializedVersion: 8
  m_Fog: 0
  m_FogColor: {r: 0.5, g: 0.5, b: 0.5, a: 1}
  m_FogMode: 3
  m_FogDensity: 0.01
  m_LinearFogStart: 0
  m_LinearFogEnd: 300
  m_AmbientSkyColor: {r: 0.212, g: 0.227, b: 0.259, a: 1}
  m_AmbientEquatorColor: {r: 0.114, g: 0.125, b: 0.133, a: 1}
  m_AmbientGroundColor: {r: 0.047, g: 0.043, b: 0.035, a: 1}
  m_AmbientIntensity: 1
  m_AmbientMode: 0
  m_SubtractiveShadowColor: {r: 0.42, g: 0.478, b: 0.627, a: 1}
  m_SkyboxMaterial: {fileID: 10304, guid: 0000000000000000f000000000000000, type: 0}
  m_HaloStrength: 0.5
  m_FlareStrength: 1
  m_FlareFadeSpeed: 3
  m_HaloTexture: {fileID: 0}
  m_SpotCookie: {fileID: 10001, guid: 0000000000000000e000000000000000, type: 0}
  m_DefaultReflectionMode: 0
  m_DefaultReflectionResolution: 128
  m_ReflectionBounces: 1
  m_ReflectionIntensity: 1
  m_CustomReflection: {fileID: 0}
  m_Sun: {fileID: 0}
  m_IndirectSpecularColor: {r: 0, g: 0, b: 0, a: 1}
--- !u!157 &3
LightmapSettings:
  m_ObjectHideFlags: 0
  serializedVersion: 11
  m_GIWorkflowMode: 0
  m_GISettings:
    serializedVersion: 2
    m_BounceScale: 1
    m_IndirectOutputScale: 1
    m_AlbedoBoost: 1
    m_TemporalCoherenceThreshold: 1
    m_EnvironmentLightingMode: 0
    m_EnableBakedLightmaps: 1
    m_EnableRealtimeLightmaps: 1
  m_LightmapEditorSettings:
    serializedVersion: 9
    m_Resolution: 2
    m_BakeResolution: 40
    m_TextureWidth: 1024
    m_TextureHeight: 1024
    m_AO: 0
    m_AOMaxDistance: 1
    m_CompAOExponent: 1
    m_CompAOExponentDirect: 0
    m_Padding: 2
    m_LightmapParameters: {fileID: 0}
    m_LightmapsBakeMode: 1
    m_TextureCompression: 1
    m_FinalGather: 0
    m_FinalGatherFiltering: 1
    m_FinalGatherRayCount: 256
    m_ReflectionCompression: 2
    m_MixedBakeMode: 2
    m_BakeBackend: 0
    m_PVRSampling: 1
    m_PVRDirectSampleCount: 32
    m_PVRSampleCount: 500
    m_PVRBounces: 2
    m_PVRFilterTypeDirect: 0
    m_PVRFilterTypeIndirect: 0
    m_PVRFilterTypeAO: 0
    m_PVRFilteringMode: 1
    m_PVRCulling: 1
    m_PVRFilteringGaussRadiusDirect: 1
    m_PVRFilteringGaussRadiusIndirect: 5
    m_PVRFilteringGaussRadiusAO: 2
    m_PVRFilteringAtrousPositionSigmaDirect: 0.5
    m_PVRFilteringAtrousPositionSigmaIndirect: 2
    m_PVRFilteringAtrousPositionSigmaAO: 1
    m_ShowResolutionOverlay: 1
  m_LightingDataAsset: {fileID: 0}
  m_UseShadowmask: 1
--- !u!196 &4
NavMeshSettings:
  serializedVersion: 2
  m_ObjectHideFlags: 0
  m_BuildSettings:
    serializedVersion: 2
    agentTypeID: 0
    agentRadius: 0.5
    agentHeight: 2
    agentSlope: 45
    agentClimb: 0.4
    ledgeDropHeight: 0
    maxJumpAcrossDistance: 0
    minRegionArea: 2
    manualCellSize: 0
    cellSize: 0.16666667
    manualTileSize: 0
    tileSize: 256
    accuratePlacement: 0
    debug:
      m_Flags: 0
  m_NavMeshData: {fileID: 0}
--- !u!1 &195398505
GameObject:
  m_ObjectHideFlags: 0
  m_PrefabParentObject: {fileID: 0}
  m_PrefabInternal: {fileID: 0}
  serializedVersion: 5
  m_Component:
  - component: {fileID: 195398506}
  m_Layer: 0
  m_Name: GameObject
  m_TagString: Untagged
  m_Icon: {fileID: 0}
  m_NavMeshLayer: 0
  m_StaticEditorFlags: 0
  m_IsActive: 1
--- !u!4 &195398506
Transform:
  m_ObjectHideFlags: 0
  m_PrefabParentObject: {fileID: 0}
  m_PrefabInternal: {fileID: 0}
  m_GameObject: {fileID: 195398505}
  m_LocalRotation: {x: 0, y: 0, z: 0, w: 1}
  m_LocalPosition: {x: 0, y: 0, z: 0}
  m_LocalScale: {x: 1, y: 1, z: 1}
  m_Children: []
  m_Father: {fileID: 0}
  m_RootOrder: 2
  m_LocalEulerAnglesHint: {x: 0, y: 0, z: 0}
--- !u!1 &227469921
GameObject:
  m_ObjectHideFlags: 0
  m_PrefabParentObject: {fileID: 1882818350719364, guid: 914a44ff4ece066428e298ae8f557d4a,
    type: 2}
  m_PrefabInternal: {fileID: 803105801}
  serializedVersion: 5
  m_Component:
  - component: {fileID: 227469922}
  - component: {fileID: 227469924}
  - component: {fileID: 227469923}
  m_Layer: 5
  m_Name: UICamera
  m_TagString: Untagged
  m_Icon: {fileID: 0}
  m_NavMeshLayer: 0
  m_StaticEditorFlags: 0
  m_IsActive: 1
--- !u!4 &227469922
Transform:
  m_ObjectHideFlags: 0
  m_PrefabParentObject: {fileID: 4699273553674206, guid: 914a44ff4ece066428e298ae8f557d4a,
    type: 2}
  m_PrefabInternal: {fileID: 803105801}
  m_GameObject: {fileID: 227469921}
  m_LocalRotation: {x: 0, y: 0, z: 0, w: 1}
  m_LocalPosition: {x: 0, y: 0, z: 0}
  m_LocalScale: {x: 1, y: 1, z: 1}
  m_Children: []
  m_Father: {fileID: 1308220939}
  m_RootOrder: 1
  m_LocalEulerAnglesHint: {x: 0, y: 0, z: 0}
--- !u!124 &227469923
Behaviour:
  m_ObjectHideFlags: 0
  m_PrefabParentObject: {fileID: 124156449122836888, guid: 914a44ff4ece066428e298ae8f557d4a,
    type: 2}
  m_PrefabInternal: {fileID: 803105801}
  m_GameObject: {fileID: 227469921}
  m_Enabled: 1
--- !u!20 &227469924
Camera:
  m_ObjectHideFlags: 0
  m_PrefabParentObject: {fileID: 20267205535568706, guid: 914a44ff4ece066428e298ae8f557d4a,
    type: 2}
  m_PrefabInternal: {fileID: 803105801}
  m_GameObject: {fileID: 227469921}
  m_Enabled: 1
  serializedVersion: 2
  m_ClearFlags: 3
  m_BackGroundColor: {r: 0.19215687, g: 0.3019608, b: 0.4745098, a: 0}
  m_NormalizedViewPortRect:
    serializedVersion: 2
    x: 0
    y: 0
    width: 1
    height: 1
  near clip plane: -10
  far clip plane: 10
  field of view: 60
  orthographic: 1
  orthographic size: 5
  m_Depth: 1
  m_CullingMask:
    serializedVersion: 2
    m_Bits: 32
  m_RenderingPath: -1
  m_TargetTexture: {fileID: 0}
  m_TargetDisplay: 0
  m_TargetEye: 3
  m_HDR: 1
  m_AllowMSAA: 1
  m_AllowDynamicResolution: 0
  m_ForceIntoRT: 0
  m_OcclusionCulling: 1
  m_StereoConvergence: 10
  m_StereoSeparation: 0.022
--- !u!1 &348565783
GameObject:
  m_ObjectHideFlags: 0
  m_PrefabParentObject: {fileID: 0}
  m_PrefabInternal: {fileID: 0}
  serializedVersion: 5
  m_Component:
  - component: {fileID: 348565785}
  - component: {fileID: 348565784}
  m_Layer: 0
  m_Name: Directional Light
  m_TagString: Untagged
  m_Icon: {fileID: 0}
  m_NavMeshLayer: 0
  m_StaticEditorFlags: 0
  m_IsActive: 1
--- !u!108 &348565784
Light:
  m_ObjectHideFlags: 0
  m_PrefabParentObject: {fileID: 0}
  m_PrefabInternal: {fileID: 0}
  m_GameObject: {fileID: 348565783}
  m_Enabled: 1
  serializedVersion: 8
  m_Type: 1
  m_Color: {r: 1, g: 0.95686275, b: 0.8392157, a: 1}
  m_Intensity: 1
  m_Range: 10
  m_SpotAngle: 30
  m_CookieSize: 10
  m_Shadows:
    m_Type: 2
    m_Resolution: -1
    m_CustomResolution: -1
    m_Strength: 1
    m_Bias: 0.05
    m_NormalBias: 0.4
    m_NearPlane: 0.2
  m_Cookie: {fileID: 0}
  m_DrawHalo: 0
  m_Flare: {fileID: 0}
  m_RenderMode: 0
  m_CullingMask:
    serializedVersion: 2
    m_Bits: 4294967295
  m_Lightmapping: 4
  m_AreaSize: {x: 1, y: 1}
  m_BounceIntensity: 1
  m_ColorTemperature: 6570
  m_UseColorTemperature: 0
  m_ShadowRadius: 0
  m_ShadowAngle: 0
--- !u!4 &348565785
Transform:
  m_ObjectHideFlags: 0
  m_PrefabParentObject: {fileID: 0}
  m_PrefabInternal: {fileID: 0}
  m_GameObject: {fileID: 348565783}
  m_LocalRotation: {x: 0.40821788, y: -0.23456968, z: 0.10938163, w: 0.8754261}
  m_LocalPosition: {x: 0, y: 3, z: 0}
  m_LocalScale: {x: 1, y: 1, z: 1}
  m_Children: []
  m_Father: {fileID: 0}
  m_RootOrder: 1
  m_LocalEulerAnglesHint: {x: 50, y: -30, z: 0}
--- !u!1 &599871640
GameObject:
  m_ObjectHideFlags: 0
  m_PrefabParentObject: {fileID: 1729286749758650, guid: 914a44ff4ece066428e298ae8f557d4a,
    type: 2}
  m_PrefabInternal: {fileID: 803105801}
  serializedVersion: 5
  m_Component:
  - component: {fileID: 803105802}
  - component: {fileID: 599871643}
  - component: {fileID: 599871642}
  - component: {fileID: 599871641}
  m_Layer: 5
  m_Name: CanvasRoot
  m_TagString: Untagged
  m_Icon: {fileID: 0}
  m_NavMeshLayer: 0
  m_StaticEditorFlags: 0
  m_IsActive: 1
--- !u!114 &599871641
MonoBehaviour:
  m_ObjectHideFlags: 0
  m_PrefabParentObject: {fileID: 114688692760654504, guid: 914a44ff4ece066428e298ae8f557d4a,
    type: 2}
  m_PrefabInternal: {fileID: 803105801}
  m_GameObject: {fileID: 599871640}
  m_Enabled: 1
  m_EditorHideFlags: 0
  m_Script: {fileID: 1301386320, guid: f70555f144d8491a825f0804e09c671c, type: 3}
  m_Name: 
  m_EditorClassIdentifier: 
  m_IgnoreReversedGraphics: 1
  m_BlockingObjects: 0
  m_BlockingMask:
    serializedVersion: 2
    m_Bits: 4294967295
--- !u!114 &599871642
MonoBehaviour:
  m_ObjectHideFlags: 0
  m_PrefabParentObject: {fileID: 114750019875503576, guid: 914a44ff4ece066428e298ae8f557d4a,
    type: 2}
  m_PrefabInternal: {fileID: 803105801}
  m_GameObject: {fileID: 599871640}
  m_Enabled: 1
  m_EditorHideFlags: 0
  m_Script: {fileID: 1980459831, guid: f70555f144d8491a825f0804e09c671c, type: 3}
  m_Name: 
  m_EditorClassIdentifier: 
  m_UiScaleMode: 1
  m_ReferencePixelsPerUnit: 10
  m_ScaleFactor: 1
  m_ReferenceResolution: {x: 1920, y: 1080}
  m_ScreenMatchMode: 0
  m_MatchWidthOrHeight: 0
  m_PhysicalUnit: 3
  m_FallbackScreenDPI: 96
  m_DefaultSpriteDPI: 96
  m_DynamicPixelsPerUnit: 1
--- !u!223 &599871643
Canvas:
  m_ObjectHideFlags: 0
  m_PrefabParentObject: {fileID: 223831743226095122, guid: 914a44ff4ece066428e298ae8f557d4a,
    type: 2}
  m_PrefabInternal: {fileID: 803105801}
  m_GameObject: {fileID: 599871640}
  m_Enabled: 1
  serializedVersion: 3
  m_RenderMode: 1
  m_Camera: {fileID: 227469924}
  m_PlaneDistance: 0
  m_PixelPerfect: 1
  m_ReceivesEvents: 1
  m_OverrideSorting: 0
  m_OverridePixelPerfect: 0
  m_SortingBucketNormalizedSize: 0
  m_AdditionalShaderChannelsFlag: 0
  m_SortingLayerID: 0
  m_SortingOrder: 0
  m_TargetDisplay: 0
--- !u!1 &619427973
GameObject:
  m_ObjectHideFlags: 0
  m_PrefabParentObject: {fileID: 1554817993658682, guid: be3ced650d9d3bb4dbddaf311fc10fd7,
    type: 2}
  m_PrefabInternal: {fileID: 820238404}
  serializedVersion: 5
  m_Component:
  - component: {fileID: 619427974}
  - component: {fileID: 619427976}
  - component: {fileID: 619427975}
  m_Layer: 5
  m_Name: Image2
  m_TagString: Untagged
  m_Icon: {fileID: 0}
  m_NavMeshLayer: 0
  m_StaticEditorFlags: 0
  m_IsActive: 1
--- !u!224 &619427974
RectTransform:
  m_ObjectHideFlags: 0
  m_PrefabParentObject: {fileID: 224405044827137906, guid: be3ced650d9d3bb4dbddaf311fc10fd7,
    type: 2}
  m_PrefabInternal: {fileID: 820238404}
  m_GameObject: {fileID: 619427973}
  m_LocalRotation: {x: 0, y: 0, z: 0, w: 1}
  m_LocalPosition: {x: 0, y: 0, z: 0}
  m_LocalScale: {x: 1, y: 1, z: 1}
  m_Children: []
  m_Father: {fileID: 1735608597}
  m_RootOrder: 1
  m_LocalEulerAnglesHint: {x: 0, y: 0, z: 0}
  m_AnchorMin: {x: 0, y: 1}
  m_AnchorMax: {x: 0, y: 1}
  m_AnchoredPosition: {x: 1014.99994, y: -50}
  m_SizeDelta: {x: 100, y: 100}
  m_Pivot: {x: 0.5, y: 0.5}
--- !u!114 &619427975
MonoBehaviour:
  m_ObjectHideFlags: 0
  m_PrefabParentObject: {fileID: 114732243826376618, guid: be3ced650d9d3bb4dbddaf311fc10fd7,
    type: 2}
  m_PrefabInternal: {fileID: 820238404}
  m_GameObject: {fileID: 619427973}
  m_Enabled: 1
  m_EditorHideFlags: 0
  m_Script: {fileID: -765806418, guid: f70555f144d8491a825f0804e09c671c, type: 3}
  m_Name: 
  m_EditorClassIdentifier: 
  m_Material: {fileID: 0}
  m_Color: {r: 1, g: 1, b: 1, a: 1}
  m_RaycastTarget: 1
  m_OnCullStateChanged:
    m_PersistentCalls:
      m_Calls: []
    m_TypeName: UnityEngine.UI.MaskableGraphic+CullStateChangedEvent, UnityEngine.UI,
      Version=1.0.0.0, Culture=neutral, PublicKeyToken=null
  m_Sprite: {fileID: 21300000, guid: 78e10180749967044b05aa6e3922ab33, type: 3}
  m_Type: 0
  m_PreserveAspect: 0
  m_FillCenter: 1
  m_FillMethod: 4
  m_FillAmount: 1
  m_FillClockwise: 1
  m_FillOrigin: 0
--- !u!222 &619427976
CanvasRenderer:
  m_ObjectHideFlags: 0
  m_PrefabParentObject: {fileID: 222180251536011564, guid: be3ced650d9d3bb4dbddaf311fc10fd7,
    type: 2}
  m_PrefabInternal: {fileID: 820238404}
  m_GameObject: {fileID: 619427973}
--- !u!1001 &772157261
Prefab:
  m_ObjectHideFlags: 0
  serializedVersion: 2
  m_Modification:
    m_TransformParent: {fileID: 803105802}
    m_Modifications:
    - target: {fileID: 224522844906744908, guid: 89066d188d760404b835ff78646ddeef,
        type: 2}
      propertyPath: m_LocalPosition.x
      value: 0
      objectReference: {fileID: 0}
    - target: {fileID: 224522844906744908, guid: 89066d188d760404b835ff78646ddeef,
        type: 2}
      propertyPath: m_LocalPosition.y
      value: 0
      objectReference: {fileID: 0}
    - target: {fileID: 224522844906744908, guid: 89066d188d760404b835ff78646ddeef,
        type: 2}
      propertyPath: m_LocalPosition.z
      value: 0
      objectReference: {fileID: 0}
    - target: {fileID: 224522844906744908, guid: 89066d188d760404b835ff78646ddeef,
        type: 2}
      propertyPath: m_LocalRotation.x
      value: 0
      objectReference: {fileID: 0}
    - target: {fileID: 224522844906744908, guid: 89066d188d760404b835ff78646ddeef,
        type: 2}
      propertyPath: m_LocalRotation.y
      value: 0
      objectReference: {fileID: 0}
    - target: {fileID: 224522844906744908, guid: 89066d188d760404b835ff78646ddeef,
        type: 2}
      propertyPath: m_LocalRotation.z
      value: 0
      objectReference: {fileID: 0}
    - target: {fileID: 224522844906744908, guid: 89066d188d760404b835ff78646ddeef,
        type: 2}
      propertyPath: m_LocalRotation.w
      value: 1
      objectReference: {fileID: 0}
    - target: {fileID: 224522844906744908, guid: 89066d188d760404b835ff78646ddeef,
        type: 2}
      propertyPath: m_RootOrder
      value: 1
      objectReference: {fileID: 0}
    - target: {fileID: 224522844906744908, guid: 89066d188d760404b835ff78646ddeef,
        type: 2}
      propertyPath: m_AnchoredPosition.x
      value: 0
      objectReference: {fileID: 0}
    - target: {fileID: 224522844906744908, guid: 89066d188d760404b835ff78646ddeef,
        type: 2}
      propertyPath: m_AnchoredPosition.y
      value: 0
      objectReference: {fileID: 0}
    - target: {fileID: 224522844906744908, guid: 89066d188d760404b835ff78646ddeef,
        type: 2}
      propertyPath: m_SizeDelta.x
      value: 100
      objectReference: {fileID: 0}
    - target: {fileID: 224522844906744908, guid: 89066d188d760404b835ff78646ddeef,
        type: 2}
      propertyPath: m_SizeDelta.y
      value: 100
      objectReference: {fileID: 0}
    - target: {fileID: 224522844906744908, guid: 89066d188d760404b835ff78646ddeef,
        type: 2}
      propertyPath: m_AnchorMin.x
      value: 0.5
      objectReference: {fileID: 0}
    - target: {fileID: 224522844906744908, guid: 89066d188d760404b835ff78646ddeef,
        type: 2}
      propertyPath: m_AnchorMin.y
      value: 0.5
      objectReference: {fileID: 0}
    - target: {fileID: 224522844906744908, guid: 89066d188d760404b835ff78646ddeef,
        type: 2}
      propertyPath: m_AnchorMax.x
      value: 0.5
      objectReference: {fileID: 0}
    - target: {fileID: 224522844906744908, guid: 89066d188d760404b835ff78646ddeef,
        type: 2}
      propertyPath: m_AnchorMax.y
      value: 0.5
      objectReference: {fileID: 0}
    - target: {fileID: 224522844906744908, guid: 89066d188d760404b835ff78646ddeef,
        type: 2}
      propertyPath: m_Pivot.x
      value: 0.5
      objectReference: {fileID: 0}
    - target: {fileID: 224522844906744908, guid: 89066d188d760404b835ff78646ddeef,
        type: 2}
      propertyPath: m_Pivot.y
      value: 0.5
      objectReference: {fileID: 0}
    - target: {fileID: 224389334672713928, guid: 89066d188d760404b835ff78646ddeef,
        type: 2}
      propertyPath: m_AnchorMin.y
      value: 1
      objectReference: {fileID: 0}
    - target: {fileID: 224389334672713928, guid: 89066d188d760404b835ff78646ddeef,
        type: 2}
      propertyPath: m_AnchorMax.y
      value: 1
      objectReference: {fileID: 0}
    - target: {fileID: 224389334672713928, guid: 89066d188d760404b835ff78646ddeef,
        type: 2}
      propertyPath: m_AnchoredPosition.x
      value: 50
      objectReference: {fileID: 0}
    - target: {fileID: 224389334672713928, guid: 89066d188d760404b835ff78646ddeef,
        type: 2}
      propertyPath: m_AnchoredPosition.y
      value: -50
      objectReference: {fileID: 0}
    - target: {fileID: 224202802526761626, guid: 89066d188d760404b835ff78646ddeef,
        type: 2}
      propertyPath: m_AnchorMin.y
      value: 1
      objectReference: {fileID: 0}
    - target: {fileID: 224202802526761626, guid: 89066d188d760404b835ff78646ddeef,
        type: 2}
      propertyPath: m_AnchorMax.y
      value: 1
      objectReference: {fileID: 0}
    - target: {fileID: 224202802526761626, guid: 89066d188d760404b835ff78646ddeef,
        type: 2}
      propertyPath: m_AnchoredPosition.x
      value: 160
      objectReference: {fileID: 0}
    - target: {fileID: 224202802526761626, guid: 89066d188d760404b835ff78646ddeef,
        type: 2}
      propertyPath: m_AnchoredPosition.y
      value: -50
      objectReference: {fileID: 0}
    - target: {fileID: 224256716246644272, guid: 89066d188d760404b835ff78646ddeef,
        type: 2}
      propertyPath: m_AnchorMin.y
      value: 1
      objectReference: {fileID: 0}
    - target: {fileID: 224256716246644272, guid: 89066d188d760404b835ff78646ddeef,
        type: 2}
      propertyPath: m_AnchorMax.y
      value: 1
      objectReference: {fileID: 0}
    - target: {fileID: 224256716246644272, guid: 89066d188d760404b835ff78646ddeef,
        type: 2}
      propertyPath: m_AnchoredPosition.x
      value: 270
      objectReference: {fileID: 0}
    - target: {fileID: 224256716246644272, guid: 89066d188d760404b835ff78646ddeef,
        type: 2}
      propertyPath: m_AnchoredPosition.y
      value: -50
      objectReference: {fileID: 0}
    m_RemovedComponents: []
  m_ParentPrefab: {fileID: 100100000, guid: 89066d188d760404b835ff78646ddeef, type: 2}
  m_RootGameObject: {fileID: 925788929}
  m_IsPrefabParent: 0
--- !u!1001 &803105801
Prefab:
  m_ObjectHideFlags: 0
  serializedVersion: 2
  m_Modification:
    m_TransformParent: {fileID: 0}
    m_Modifications:
    - target: {fileID: 4471122516011760, guid: 914a44ff4ece066428e298ae8f557d4a, type: 2}
      propertyPath: m_LocalPosition.x
      value: 0
      objectReference: {fileID: 0}
    - target: {fileID: 4471122516011760, guid: 914a44ff4ece066428e298ae8f557d4a, type: 2}
      propertyPath: m_LocalPosition.y
      value: 0
      objectReference: {fileID: 0}
    - target: {fileID: 4471122516011760, guid: 914a44ff4ece066428e298ae8f557d4a, type: 2}
      propertyPath: m_LocalPosition.z
      value: 0
      objectReference: {fileID: 0}
    - target: {fileID: 4471122516011760, guid: 914a44ff4ece066428e298ae8f557d4a, type: 2}
      propertyPath: m_LocalRotation.x
      value: 0
      objectReference: {fileID: 0}
    - target: {fileID: 4471122516011760, guid: 914a44ff4ece066428e298ae8f557d4a, type: 2}
      propertyPath: m_LocalRotation.y
      value: 0
      objectReference: {fileID: 0}
    - target: {fileID: 4471122516011760, guid: 914a44ff4ece066428e298ae8f557d4a, type: 2}
      propertyPath: m_LocalRotation.z
      value: 0
      objectReference: {fileID: 0}
    - target: {fileID: 4471122516011760, guid: 914a44ff4ece066428e298ae8f557d4a, type: 2}
      propertyPath: m_LocalRotation.w
      value: 1
      objectReference: {fileID: 0}
    - target: {fileID: 4471122516011760, guid: 914a44ff4ece066428e298ae8f557d4a, type: 2}
      propertyPath: m_RootOrder
      value: 3
      objectReference: {fileID: 0}
    m_RemovedComponents: []
  m_ParentPrefab: {fileID: 100100000, guid: 914a44ff4ece066428e298ae8f557d4a, type: 2}
  m_RootGameObject: {fileID: 1308220938}
  m_IsPrefabParent: 0
--- !u!224 &803105802
RectTransform:
  m_ObjectHideFlags: 0
  m_PrefabParentObject: {fileID: 224033169054107090, guid: 914a44ff4ece066428e298ae8f557d4a,
    type: 2}
  m_PrefabInternal: {fileID: 803105801}
  m_GameObject: {fileID: 599871640}
  m_LocalRotation: {x: 0, y: 0, z: 0, w: 1}
  m_LocalPosition: {x: 0, y: 0, z: 0}
  m_LocalScale: {x: 0, y: 0, z: 0}
  m_Children:
  - {fileID: 1735608597}
  - {fileID: 925788930}
  m_Father: {fileID: 1308220939}
  m_RootOrder: 0
  m_LocalEulerAnglesHint: {x: 0, y: 0, z: 0}
  m_AnchorMin: {x: 0, y: 0}
  m_AnchorMax: {x: 0, y: 0}
  m_AnchoredPosition: {x: 0, y: 0}
  m_SizeDelta: {x: 0, y: 0}
  m_Pivot: {x: 0, y: 0}
--- !u!1001 &820238404
Prefab:
  m_ObjectHideFlags: 0
  serializedVersion: 2
  m_Modification:
    m_TransformParent: {fileID: 803105802}
    m_Modifications:
    - target: {fileID: 224088522142586196, guid: be3ced650d9d3bb4dbddaf311fc10fd7,
        type: 2}
      propertyPath: m_LocalPosition.x
      value: 0
      objectReference: {fileID: 0}
    - target: {fileID: 224088522142586196, guid: be3ced650d9d3bb4dbddaf311fc10fd7,
        type: 2}
      propertyPath: m_LocalPosition.y
      value: 0
      objectReference: {fileID: 0}
    - target: {fileID: 224088522142586196, guid: be3ced650d9d3bb4dbddaf311fc10fd7,
        type: 2}
      propertyPath: m_LocalPosition.z
      value: 0
      objectReference: {fileID: 0}
    - target: {fileID: 224088522142586196, guid: be3ced650d9d3bb4dbddaf311fc10fd7,
        type: 2}
      propertyPath: m_LocalRotation.x
      value: 0
      objectReference: {fileID: 0}
    - target: {fileID: 224088522142586196, guid: be3ced650d9d3bb4dbddaf311fc10fd7,
        type: 2}
      propertyPath: m_LocalRotation.y
      value: 0
      objectReference: {fileID: 0}
    - target: {fileID: 224088522142586196, guid: be3ced650d9d3bb4dbddaf311fc10fd7,
        type: 2}
      propertyPath: m_LocalRotation.z
      value: 0
      objectReference: {fileID: 0}
    - target: {fileID: 224088522142586196, guid: be3ced650d9d3bb4dbddaf311fc10fd7,
        type: 2}
      propertyPath: m_LocalRotation.w
      value: 1
      objectReference: {fileID: 0}
    - target: {fileID: 224088522142586196, guid: be3ced650d9d3bb4dbddaf311fc10fd7,
        type: 2}
      propertyPath: m_RootOrder
      value: 0
      objectReference: {fileID: 0}
    - target: {fileID: 224088522142586196, guid: be3ced650d9d3bb4dbddaf311fc10fd7,
        type: 2}
      propertyPath: m_AnchoredPosition.x
      value: 0
      objectReference: {fileID: 0}
    - target: {fileID: 224088522142586196, guid: be3ced650d9d3bb4dbddaf311fc10fd7,
        type: 2}
      propertyPath: m_AnchoredPosition.y
      value: 0
      objectReference: {fileID: 0}
    - target: {fileID: 224088522142586196, guid: be3ced650d9d3bb4dbddaf311fc10fd7,
        type: 2}
      propertyPath: m_SizeDelta.x
      value: 0
      objectReference: {fileID: 0}
    - target: {fileID: 224088522142586196, guid: be3ced650d9d3bb4dbddaf311fc10fd7,
        type: 2}
      propertyPath: m_SizeDelta.y
      value: 0
      objectReference: {fileID: 0}
    - target: {fileID: 224088522142586196, guid: be3ced650d9d3bb4dbddaf311fc10fd7,
        type: 2}
      propertyPath: m_AnchorMin.x
      value: 0
      objectReference: {fileID: 0}
    - target: {fileID: 224088522142586196, guid: be3ced650d9d3bb4dbddaf311fc10fd7,
        type: 2}
      propertyPath: m_AnchorMin.y
      value: 0
      objectReference: {fileID: 0}
    - target: {fileID: 224088522142586196, guid: be3ced650d9d3bb4dbddaf311fc10fd7,
        type: 2}
      propertyPath: m_AnchorMax.x
      value: 1
      objectReference: {fileID: 0}
    - target: {fileID: 224088522142586196, guid: be3ced650d9d3bb4dbddaf311fc10fd7,
        type: 2}
      propertyPath: m_AnchorMax.y
      value: 1
      objectReference: {fileID: 0}
    - target: {fileID: 224088522142586196, guid: be3ced650d9d3bb4dbddaf311fc10fd7,
        type: 2}
      propertyPath: m_Pivot.x
      value: 0.5
      objectReference: {fileID: 0}
    - target: {fileID: 224088522142586196, guid: be3ced650d9d3bb4dbddaf311fc10fd7,
        type: 2}
      propertyPath: m_Pivot.y
      value: 0.5
      objectReference: {fileID: 0}
    - target: {fileID: 224305653531831302, guid: be3ced650d9d3bb4dbddaf311fc10fd7,
        type: 2}
      propertyPath: m_AnchorMin.y
      value: 1
      objectReference: {fileID: 0}
    - target: {fileID: 224305653531831302, guid: be3ced650d9d3bb4dbddaf311fc10fd7,
        type: 2}
      propertyPath: m_AnchorMax.y
      value: 1
      objectReference: {fileID: 0}
    - target: {fileID: 224305653531831302, guid: be3ced650d9d3bb4dbddaf311fc10fd7,
        type: 2}
      propertyPath: m_AnchoredPosition.x
      value: 50
      objectReference: {fileID: 0}
    - target: {fileID: 224305653531831302, guid: be3ced650d9d3bb4dbddaf311fc10fd7,
        type: 2}
      propertyPath: m_AnchoredPosition.y
      value: -50
      objectReference: {fileID: 0}
    - target: {fileID: 224405044827137906, guid: be3ced650d9d3bb4dbddaf311fc10fd7,
        type: 2}
      propertyPath: m_AnchorMin.y
      value: 1
      objectReference: {fileID: 0}
    - target: {fileID: 224405044827137906, guid: be3ced650d9d3bb4dbddaf311fc10fd7,
        type: 2}
      propertyPath: m_AnchorMax.y
      value: 1
      objectReference: {fileID: 0}
    - target: {fileID: 224405044827137906, guid: be3ced650d9d3bb4dbddaf311fc10fd7,
        type: 2}
      propertyPath: m_AnchoredPosition.x
      value: 1014.99994
      objectReference: {fileID: 0}
    - target: {fileID: 224405044827137906, guid: be3ced650d9d3bb4dbddaf311fc10fd7,
        type: 2}
      propertyPath: m_AnchoredPosition.y
      value: -50
      objectReference: {fileID: 0}
    m_RemovedComponents: []
  m_ParentPrefab: {fileID: 100100000, guid: be3ced650d9d3bb4dbddaf311fc10fd7, type: 2}
  m_RootGameObject: {fileID: 1735608596}
  m_IsPrefabParent: 0
--- !u!1 &925788929
GameObject:
  m_ObjectHideFlags: 0
  m_PrefabParentObject: {fileID: 1700027108206960, guid: 89066d188d760404b835ff78646ddeef,
    type: 2}
  m_PrefabInternal: {fileID: 772157261}
  serializedVersion: 5
  m_Component:
  - component: {fileID: 925788930}
  - component: {fileID: 925788933}
  - component: {fileID: 925788932}
  - component: {fileID: 925788931}
  m_Layer: 5
  m_Name: Panel3
  m_TagString: Untagged
  m_Icon: {fileID: 0}
  m_NavMeshLayer: 0
  m_StaticEditorFlags: 0
  m_IsActive: 1
--- !u!224 &925788930
RectTransform:
  m_ObjectHideFlags: 0
  m_PrefabParentObject: {fileID: 224522844906744908, guid: 89066d188d760404b835ff78646ddeef,
    type: 2}
  m_PrefabInternal: {fileID: 772157261}
  m_GameObject: {fileID: 925788929}
  m_LocalRotation: {x: 0, y: 0, z: 0, w: 1}
  m_LocalPosition: {x: 0, y: 0, z: 0}
  m_LocalScale: {x: 1, y: 1, z: 1}
  m_Children:
  - {fileID: 1292459300}
  - {fileID: 1489215264}
  - {fileID: 1531511795}
  m_Father: {fileID: 803105802}
  m_RootOrder: 1
  m_LocalEulerAnglesHint: {x: 0, y: 0, z: 0}
  m_AnchorMin: {x: 0.5, y: 0.5}
  m_AnchorMax: {x: 0.5, y: 0.5}
  m_AnchoredPosition: {x: 0, y: 0}
  m_SizeDelta: {x: 100, y: 100}
  m_Pivot: {x: 0.5, y: 0.5}
--- !u!114 &925788931
MonoBehaviour:
  m_ObjectHideFlags: 0
  m_PrefabParentObject: {fileID: 114024134852731662, guid: 89066d188d760404b835ff78646ddeef,
    type: 2}
  m_PrefabInternal: {fileID: 772157261}
  m_GameObject: {fileID: 925788929}
  m_Enabled: 1
  m_EditorHideFlags: 0
  m_Script: {fileID: -405508275, guid: f70555f144d8491a825f0804e09c671c, type: 3}
  m_Name: 
  m_EditorClassIdentifier: 
  m_Padding:
    m_Left: 0
    m_Right: 0
    m_Top: 0
    m_Bottom: 0
  m_ChildAlignment: 0
  m_Spacing: 10
  m_ChildForceExpandWidth: 1
  m_ChildForceExpandHeight: 1
  m_ChildControlWidth: 0
  m_ChildControlHeight: 0
--- !u!114 &925788932
MonoBehaviour:
  m_ObjectHideFlags: 0
  m_PrefabParentObject: {fileID: 114929922660247116, guid: 89066d188d760404b835ff78646ddeef,
    type: 2}
  m_PrefabInternal: {fileID: 772157261}
  m_GameObject: {fileID: 925788929}
  m_Enabled: 1
  m_EditorHideFlags: 0
  m_Script: {fileID: -765806418, guid: f70555f144d8491a825f0804e09c671c, type: 3}
  m_Name: 
  m_EditorClassIdentifier: 
  m_Material: {fileID: 0}
  m_Color: {r: 1, g: 1, b: 1, a: 0.392}
  m_RaycastTarget: 1
  m_OnCullStateChanged:
    m_PersistentCalls:
      m_Calls: []
    m_TypeName: UnityEngine.UI.MaskableGraphic+CullStateChangedEvent, UnityEngine.UI,
      Version=1.0.0.0, Culture=neutral, PublicKeyToken=null
  m_Sprite: {fileID: 10907, guid: 0000000000000000f000000000000000, type: 0}
  m_Type: 1
  m_PreserveAspect: 0
  m_FillCenter: 1
  m_FillMethod: 4
  m_FillAmount: 1
  m_FillClockwise: 1
  m_FillOrigin: 0
--- !u!222 &925788933
CanvasRenderer:
  m_ObjectHideFlags: 0
  m_PrefabParentObject: {fileID: 222213182502885898, guid: 89066d188d760404b835ff78646ddeef,
    type: 2}
  m_PrefabInternal: {fileID: 772157261}
  m_GameObject: {fileID: 925788929}
--- !u!1 &986278451
GameObject:
  m_ObjectHideFlags: 0
  m_PrefabParentObject: {fileID: 0}
  m_PrefabInternal: {fileID: 0}
  serializedVersion: 5
  m_Component:
  - component: {fileID: 986278455}
  - component: {fileID: 986278454}
  - component: {fileID: 986278453}
  - component: {fileID: 986278452}
  m_Layer: 0
  m_Name: Main Camera
  m_TagString: MainCamera
  m_Icon: {fileID: 0}
  m_NavMeshLayer: 0
  m_StaticEditorFlags: 0
  m_IsActive: 1
--- !u!81 &986278452
AudioListener:
  m_ObjectHideFlags: 0
  m_PrefabParentObject: {fileID: 0}
  m_PrefabInternal: {fileID: 0}
  m_GameObject: {fileID: 986278451}
  m_Enabled: 1
--- !u!124 &986278453
Behaviour:
  m_ObjectHideFlags: 0
  m_PrefabParentObject: {fileID: 0}
  m_PrefabInternal: {fileID: 0}
  m_GameObject: {fileID: 986278451}
  m_Enabled: 1
--- !u!20 &986278454
Camera:
  m_ObjectHideFlags: 0
  m_PrefabParentObject: {fileID: 0}
  m_PrefabInternal: {fileID: 0}
  m_GameObject: {fileID: 986278451}
  m_Enabled: 1
  serializedVersion: 2
  m_ClearFlags: 1
  m_BackGroundColor: {r: 0.19215687, g: 0.3019608, b: 0.4745098, a: 0}
  m_NormalizedViewPortRect:
    serializedVersion: 2
    x: 0
    y: 0
    width: 1
    height: 1
  near clip plane: 0.3
  far clip plane: 1000
  field of view: 60
  orthographic: 0
  orthographic size: 5
  m_Depth: -1
  m_CullingMask:
    serializedVersion: 2
    m_Bits: 4294967295
  m_RenderingPath: -1
  m_TargetTexture: {fileID: 0}
  m_TargetDisplay: 0
  m_TargetEye: 3
  m_HDR: 1
  m_AllowMSAA: 1
  m_AllowDynamicResolution: 0
  m_ForceIntoRT: 0
  m_OcclusionCulling: 1
  m_StereoConvergence: 10
  m_StereoSeparation: 0.022
--- !u!4 &986278455
Transform:
  m_ObjectHideFlags: 0
  m_PrefabParentObject: {fileID: 0}
  m_PrefabInternal: {fileID: 0}
  m_GameObject: {fileID: 986278451}
  m_LocalRotation: {x: 0, y: 0, z: 0, w: 1}
  m_LocalPosition: {x: 0, y: 1, z: -10}
  m_LocalScale: {x: 1, y: 1, z: 1}
  m_Children: []
  m_Father: {fileID: 0}
  m_RootOrder: 0
  m_LocalEulerAnglesHint: {x: 0, y: 0, z: 0}
--- !u!1 &1292459299
GameObject:
  m_ObjectHideFlags: 0
  m_PrefabParentObject: {fileID: 1125405769372966, guid: 89066d188d760404b835ff78646ddeef,
    type: 2}
  m_PrefabInternal: {fileID: 772157261}
  serializedVersion: 5
  m_Component:
  - component: {fileID: 1292459300}
  - component: {fileID: 1292459302}
  - component: {fileID: 1292459301}
  m_Layer: 5
  m_Name: Image1
  m_TagString: Untagged
  m_Icon: {fileID: 0}
  m_NavMeshLayer: 0
  m_StaticEditorFlags: 0
  m_IsActive: 1
--- !u!224 &1292459300
RectTransform:
  m_ObjectHideFlags: 0
  m_PrefabParentObject: {fileID: 224389334672713928, guid: 89066d188d760404b835ff78646ddeef,
    type: 2}
  m_PrefabInternal: {fileID: 772157261}
  m_GameObject: {fileID: 1292459299}
  m_LocalRotation: {x: 0, y: 0, z: 0, w: 1}
  m_LocalPosition: {x: 0, y: 0, z: 0}
  m_LocalScale: {x: 1, y: 1, z: 1}
  m_Children: []
  m_Father: {fileID: 925788930}
  m_RootOrder: 0
  m_LocalEulerAnglesHint: {x: 0, y: 0, z: 0}
  m_AnchorMin: {x: 0, y: 1}
  m_AnchorMax: {x: 0, y: 1}
  m_AnchoredPosition: {x: 50, y: -50}
  m_SizeDelta: {x: 100, y: 100}
  m_Pivot: {x: 0.5, y: 0.5}
--- !u!114 &1292459301
MonoBehaviour:
  m_ObjectHideFlags: 0
  m_PrefabParentObject: {fileID: 114401382695540356, guid: 89066d188d760404b835ff78646ddeef,
    type: 2}
  m_PrefabInternal: {fileID: 772157261}
  m_GameObject: {fileID: 1292459299}
  m_Enabled: 1
  m_EditorHideFlags: 0
  m_Script: {fileID: -765806418, guid: f70555f144d8491a825f0804e09c671c, type: 3}
  m_Name: 
  m_EditorClassIdentifier: 
  m_Material: {fileID: 0}
  m_Color: {r: 1, g: 1, b: 1, a: 1}
  m_RaycastTarget: 1
  m_OnCullStateChanged:
    m_PersistentCalls:
      m_Calls: []
    m_TypeName: UnityEngine.UI.MaskableGraphic+CullStateChangedEvent, UnityEngine.UI,
      Version=1.0.0.0, Culture=neutral, PublicKeyToken=null
  m_Sprite: {fileID: 21300000, guid: b5f13aed0784c024a9bcca35f82f4b4d, type: 3}
  m_Type: 0
  m_PreserveAspect: 0
  m_FillCenter: 1
  m_FillMethod: 4
  m_FillAmount: 1
  m_FillClockwise: 1
  m_FillOrigin: 0
--- !u!222 &1292459302
CanvasRenderer:
  m_ObjectHideFlags: 0
  m_PrefabParentObject: {fileID: 222992863986075818, guid: 89066d188d760404b835ff78646ddeef,
    type: 2}
  m_PrefabInternal: {fileID: 772157261}
  m_GameObject: {fileID: 1292459299}
--- !u!1 &1308220938
GameObject:
  m_ObjectHideFlags: 0
  m_PrefabParentObject: {fileID: 1087614251474470, guid: 914a44ff4ece066428e298ae8f557d4a,
    type: 2}
  m_PrefabInternal: {fileID: 803105801}
  serializedVersion: 5
  m_Component:
  - component: {fileID: 1308220939}
  m_Layer: 0
  m_Name: UIRoot
  m_TagString: Untagged
  m_Icon: {fileID: 0}
  m_NavMeshLayer: 0
  m_StaticEditorFlags: 0
  m_IsActive: 1
--- !u!4 &1308220939
Transform:
  m_ObjectHideFlags: 0
  m_PrefabParentObject: {fileID: 4471122516011760, guid: 914a44ff4ece066428e298ae8f557d4a,
    type: 2}
  m_PrefabInternal: {fileID: 803105801}
  m_GameObject: {fileID: 1308220938}
  m_LocalRotation: {x: 0, y: 0, z: 0, w: 1}
  m_LocalPosition: {x: 0, y: 0, z: 0}
  m_LocalScale: {x: 1, y: 1, z: 1}
  m_Children:
  - {fileID: 803105802}
  - {fileID: 227469922}
  - {fileID: 1643021875}
  m_Father: {fileID: 0}
  m_RootOrder: 3
  m_LocalEulerAnglesHint: {x: 0, y: 0, z: 0}
--- !u!1 &1489215263
GameObject:
  m_ObjectHideFlags: 0
  m_PrefabParentObject: {fileID: 1776547463957082, guid: 89066d188d760404b835ff78646ddeef,
    type: 2}
  m_PrefabInternal: {fileID: 772157261}
  serializedVersion: 5
  m_Component:
  - component: {fileID: 1489215264}
  - component: {fileID: 1489215266}
  - component: {fileID: 1489215265}
  m_Layer: 5
  m_Name: Image2
  m_TagString: Untagged
  m_Icon: {fileID: 0}
  m_NavMeshLayer: 0
  m_StaticEditorFlags: 0
  m_IsActive: 1
--- !u!224 &1489215264
RectTransform:
  m_ObjectHideFlags: 0
  m_PrefabParentObject: {fileID: 224202802526761626, guid: 89066d188d760404b835ff78646ddeef,
    type: 2}
  m_PrefabInternal: {fileID: 772157261}
  m_GameObject: {fileID: 1489215263}
  m_LocalRotation: {x: 0, y: 0, z: 0, w: 1}
  m_LocalPosition: {x: 0, y: 0, z: 0}
  m_LocalScale: {x: 1, y: 1, z: 1}
  m_Children: []
  m_Father: {fileID: 925788930}
  m_RootOrder: 1
  m_LocalEulerAnglesHint: {x: 0, y: 0, z: 0}
  m_AnchorMin: {x: 0, y: 1}
  m_AnchorMax: {x: 0, y: 1}
  m_AnchoredPosition: {x: 160, y: -50}
  m_SizeDelta: {x: 100, y: 100}
  m_Pivot: {x: 0.5, y: 0.5}
--- !u!114 &1489215265
MonoBehaviour:
  m_ObjectHideFlags: 0
  m_PrefabParentObject: {fileID: 114853207986894084, guid: 89066d188d760404b835ff78646ddeef,
    type: 2}
  m_PrefabInternal: {fileID: 772157261}
  m_GameObject: {fileID: 1489215263}
  m_Enabled: 1
  m_EditorHideFlags: 0
  m_Script: {fileID: -765806418, guid: f70555f144d8491a825f0804e09c671c, type: 3}
  m_Name: 
  m_EditorClassIdentifier: 
  m_Material: {fileID: 0}
  m_Color: {r: 1, g: 1, b: 1, a: 1}
  m_RaycastTarget: 1
  m_OnCullStateChanged:
    m_PersistentCalls:
      m_Calls: []
    m_TypeName: UnityEngine.UI.MaskableGraphic+CullStateChangedEvent, UnityEngine.UI,
      Version=1.0.0.0, Culture=neutral, PublicKeyToken=null
  m_Sprite: {fileID: 21300000, guid: 78e10180749967044b05aa6e3922ab33, type: 3}
  m_Type: 0
  m_PreserveAspect: 0
  m_FillCenter: 1
  m_FillMethod: 4
  m_FillAmount: 1
  m_FillClockwise: 1
  m_FillOrigin: 0
--- !u!222 &1489215266
CanvasRenderer:
  m_ObjectHideFlags: 0
  m_PrefabParentObject: {fileID: 222495656511492106, guid: 89066d188d760404b835ff78646ddeef,
    type: 2}
  m_PrefabInternal: {fileID: 772157261}
  m_GameObject: {fileID: 1489215263}
--- !u!1 &1531511794
GameObject:
  m_ObjectHideFlags: 0
  m_PrefabParentObject: {fileID: 1497573611661482, guid: 89066d188d760404b835ff78646ddeef,
    type: 2}
  m_PrefabInternal: {fileID: 772157261}
  serializedVersion: 5
  m_Component:
  - component: {fileID: 1531511795}
  - component: {fileID: 1531511797}
  - component: {fileID: 1531511796}
  m_Layer: 5
  m_Name: Image3
  m_TagString: Untagged
  m_Icon: {fileID: 0}
  m_NavMeshLayer: 0
  m_StaticEditorFlags: 0
  m_IsActive: 1
--- !u!224 &1531511795
RectTransform:
  m_ObjectHideFlags: 0
  m_PrefabParentObject: {fileID: 224256716246644272, guid: 89066d188d760404b835ff78646ddeef,
    type: 2}
  m_PrefabInternal: {fileID: 772157261}
  m_GameObject: {fileID: 1531511794}
  m_LocalRotation: {x: 0, y: 0, z: 0, w: 1}
  m_LocalPosition: {x: 0, y: 0, z: 0}
  m_LocalScale: {x: 1, y: 1, z: 1}
  m_Children: []
  m_Father: {fileID: 925788930}
  m_RootOrder: 2
  m_LocalEulerAnglesHint: {x: 0, y: 0, z: 0}
  m_AnchorMin: {x: 0, y: 1}
  m_AnchorMax: {x: 0, y: 1}
  m_AnchoredPosition: {x: 270, y: -50}
  m_SizeDelta: {x: 100, y: 100}
  m_Pivot: {x: 0.5, y: 0.5}
--- !u!114 &1531511796
MonoBehaviour:
  m_ObjectHideFlags: 0
  m_PrefabParentObject: {fileID: 114194868226380918, guid: 89066d188d760404b835ff78646ddeef,
    type: 2}
  m_PrefabInternal: {fileID: 772157261}
  m_GameObject: {fileID: 1531511794}
  m_Enabled: 1
  m_EditorHideFlags: 0
  m_Script: {fileID: -765806418, guid: f70555f144d8491a825f0804e09c671c, type: 3}
  m_Name: 
  m_EditorClassIdentifier: 
  m_Material: {fileID: 0}
  m_Color: {r: 1, g: 1, b: 1, a: 1}
  m_RaycastTarget: 1
  m_OnCullStateChanged:
    m_PersistentCalls:
      m_Calls: []
    m_TypeName: UnityEngine.UI.MaskableGraphic+CullStateChangedEvent, UnityEngine.UI,
      Version=1.0.0.0, Culture=neutral, PublicKeyToken=null
  m_Sprite: {fileID: 21300000, guid: c5abd0709b02c064b9b91cceb32220ad, type: 3}
  m_Type: 0
  m_PreserveAspect: 0
  m_FillCenter: 1
  m_FillMethod: 4
  m_FillAmount: 1
  m_FillClockwise: 1
  m_FillOrigin: 0
--- !u!222 &1531511797
CanvasRenderer:
  m_ObjectHideFlags: 0
  m_PrefabParentObject: {fileID: 222836969102150036, guid: 89066d188d760404b835ff78646ddeef,
    type: 2}
  m_PrefabInternal: {fileID: 772157261}
  m_GameObject: {fileID: 1531511794}
--- !u!1 &1620369504
GameObject:
  m_ObjectHideFlags: 0
  m_PrefabParentObject: {fileID: 1394940468050148, guid: be3ced650d9d3bb4dbddaf311fc10fd7,
    type: 2}
  m_PrefabInternal: {fileID: 820238404}
  serializedVersion: 5
  m_Component:
  - component: {fileID: 1620369505}
  - component: {fileID: 1620369507}
  - component: {fileID: 1620369506}
  m_Layer: 5
  m_Name: Image1
  m_TagString: Untagged
  m_Icon: {fileID: 0}
  m_NavMeshLayer: 0
  m_StaticEditorFlags: 0
  m_IsActive: 1
--- !u!224 &1620369505
RectTransform:
  m_ObjectHideFlags: 0
  m_PrefabParentObject: {fileID: 224305653531831302, guid: be3ced650d9d3bb4dbddaf311fc10fd7,
    type: 2}
  m_PrefabInternal: {fileID: 820238404}
  m_GameObject: {fileID: 1620369504}
  m_LocalRotation: {x: 0, y: 0, z: 0, w: 1}
  m_LocalPosition: {x: 0, y: 0, z: 0}
  m_LocalScale: {x: 1, y: 1, z: 1}
  m_Children: []
  m_Father: {fileID: 1735608597}
  m_RootOrder: 0
  m_LocalEulerAnglesHint: {x: 0, y: 0, z: 0}
  m_AnchorMin: {x: 0, y: 1}
  m_AnchorMax: {x: 0, y: 1}
  m_AnchoredPosition: {x: 50, y: -50}
  m_SizeDelta: {x: 100, y: 100}
  m_Pivot: {x: 0.5, y: 0.5}
--- !u!114 &1620369506
MonoBehaviour:
  m_ObjectHideFlags: 0
  m_PrefabParentObject: {fileID: 114087028879294652, guid: be3ced650d9d3bb4dbddaf311fc10fd7,
    type: 2}
  m_PrefabInternal: {fileID: 820238404}
  m_GameObject: {fileID: 1620369504}
  m_Enabled: 1
  m_EditorHideFlags: 0
  m_Script: {fileID: -765806418, guid: f70555f144d8491a825f0804e09c671c, type: 3}
  m_Name: 
  m_EditorClassIdentifier: 
  m_Material: {fileID: 0}
  m_Color: {r: 1, g: 1, b: 1, a: 1}
  m_RaycastTarget: 1
  m_OnCullStateChanged:
    m_PersistentCalls:
      m_Calls: []
    m_TypeName: UnityEngine.UI.MaskableGraphic+CullStateChangedEvent, UnityEngine.UI,
      Version=1.0.0.0, Culture=neutral, PublicKeyToken=null
  m_Sprite: {fileID: 21300000, guid: b5f13aed0784c024a9bcca35f82f4b4d, type: 3}
  m_Type: 0
  m_PreserveAspect: 0
  m_FillCenter: 1
  m_FillMethod: 4
  m_FillAmount: 1
  m_FillClockwise: 1
  m_FillOrigin: 0
--- !u!222 &1620369507
CanvasRenderer:
  m_ObjectHideFlags: 0
  m_PrefabParentObject: {fileID: 222424628141005638, guid: be3ced650d9d3bb4dbddaf311fc10fd7,
    type: 2}
  m_PrefabInternal: {fileID: 820238404}
  m_GameObject: {fileID: 1620369504}
--- !u!1 &1643021874
GameObject:
  m_ObjectHideFlags: 0
  m_PrefabParentObject: {fileID: 1310041139742816, guid: 914a44ff4ece066428e298ae8f557d4a,
    type: 2}
  m_PrefabInternal: {fileID: 803105801}
  serializedVersion: 5
  m_Component:
  - component: {fileID: 1643021875}
  - component: {fileID: 1643021877}
  - component: {fileID: 1643021876}
  m_Layer: 0
  m_Name: EventSystem
  m_TagString: Untagged
  m_Icon: {fileID: 0}
  m_NavMeshLayer: 0
  m_StaticEditorFlags: 0
  m_IsActive: 1
--- !u!4 &1643021875
Transform:
  m_ObjectHideFlags: 0
  m_PrefabParentObject: {fileID: 4804242405052378, guid: 914a44ff4ece066428e298ae8f557d4a,
    type: 2}
  m_PrefabInternal: {fileID: 803105801}
  m_GameObject: {fileID: 1643021874}
  m_LocalRotation: {x: 0, y: 0, z: 0, w: 1}
  m_LocalPosition: {x: 0, y: 0, z: 0}
  m_LocalScale: {x: 1, y: 1, z: 1}
  m_Children: []
  m_Father: {fileID: 1308220939}
  m_RootOrder: 2
  m_LocalEulerAnglesHint: {x: 0, y: 0, z: 0}
--- !u!114 &1643021876
MonoBehaviour:
  m_ObjectHideFlags: 0
  m_PrefabParentObject: {fileID: 114743619208292172, guid: 914a44ff4ece066428e298ae8f557d4a,
    type: 2}
  m_PrefabInternal: {fileID: 803105801}
  m_GameObject: {fileID: 1643021874}
  m_Enabled: 1
  m_EditorHideFlags: 0
  m_Script: {fileID: 1077351063, guid: f70555f144d8491a825f0804e09c671c, type: 3}
  m_Name: 
  m_EditorClassIdentifier: 
  m_HorizontalAxis: Horizontal
  m_VerticalAxis: Vertical
  m_SubmitButton: Submit
  m_CancelButton: Cancel
  m_InputActionsPerSecond: 10
  m_RepeatDelay: 0.5
  m_ForceModuleActive: 0
--- !u!114 &1643021877
MonoBehaviour:
  m_ObjectHideFlags: 0
  m_PrefabParentObject: {fileID: 114935049427083354, guid: 914a44ff4ece066428e298ae8f557d4a,
    type: 2}
  m_PrefabInternal: {fileID: 803105801}
  m_GameObject: {fileID: 1643021874}
  m_Enabled: 1
  m_EditorHideFlags: 0
  m_Script: {fileID: -619905303, guid: f70555f144d8491a825f0804e09c671c, type: 3}
  m_Name: 
  m_EditorClassIdentifier: 
  m_FirstSelected: {fileID: 0}
  m_sendNavigationEvents: 1
  m_DragThreshold: 5
--- !u!1 &1735608596
GameObject:
  m_ObjectHideFlags: 0
  m_PrefabParentObject: {fileID: 1062580888677108, guid: be3ced650d9d3bb4dbddaf311fc10fd7,
    type: 2}
  m_PrefabInternal: {fileID: 820238404}
  serializedVersion: 5
  m_Component:
  - component: {fileID: 1735608597}
  - component: {fileID: 1735608600}
  - component: {fileID: 1735608599}
  - component: {fileID: 1735608598}
  m_Layer: 5
  m_Name: Panel2
  m_TagString: Untagged
  m_Icon: {fileID: 0}
  m_NavMeshLayer: 0
  m_StaticEditorFlags: 0
  m_IsActive: 1
--- !u!224 &1735608597
RectTransform:
  m_ObjectHideFlags: 0
  m_PrefabParentObject: {fileID: 224088522142586196, guid: be3ced650d9d3bb4dbddaf311fc10fd7,
    type: 2}
  m_PrefabInternal: {fileID: 820238404}
  m_GameObject: {fileID: 1735608596}
  m_LocalRotation: {x: 0, y: 0, z: 0, w: 1}
  m_LocalPosition: {x: 0, y: 0, z: 0}
  m_LocalScale: {x: 1, y: 1, z: 1}
  m_Children:
  - {fileID: 1620369505}
  - {fileID: 619427974}
  m_Father: {fileID: 803105802}
  m_RootOrder: 0
  m_LocalEulerAnglesHint: {x: 0, y: 0, z: 0}
  m_AnchorMin: {x: 0, y: 0}
  m_AnchorMax: {x: 1, y: 1}
  m_AnchoredPosition: {x: 0, y: 0}
  m_SizeDelta: {x: 0, y: 0}
  m_Pivot: {x: 0.5, y: 0.5}
--- !u!114 &1735608598
MonoBehaviour:
  m_ObjectHideFlags: 0
  m_PrefabParentObject: {fileID: 114947429906685876, guid: be3ced650d9d3bb4dbddaf311fc10fd7,
    type: 2}
  m_PrefabInternal: {fileID: 820238404}
  m_GameObject: {fileID: 1735608596}
  m_Enabled: 1
  m_EditorHideFlags: 0
  m_Script: {fileID: -405508275, guid: f70555f144d8491a825f0804e09c671c, type: 3}
  m_Name: 
  m_EditorClassIdentifier: 
  m_Padding:
    m_Left: 0
    m_Right: 0
    m_Top: 0
    m_Bottom: 0
  m_ChildAlignment: 0
  m_Spacing: 10
  m_ChildForceExpandWidth: 1
  m_ChildForceExpandHeight: 1
  m_ChildControlWidth: 0
  m_ChildControlHeight: 0
--- !u!114 &1735608599
MonoBehaviour:
  m_ObjectHideFlags: 0
  m_PrefabParentObject: {fileID: 114660397078908226, guid: be3ced650d9d3bb4dbddaf311fc10fd7,
    type: 2}
  m_PrefabInternal: {fileID: 820238404}
  m_GameObject: {fileID: 1735608596}
  m_Enabled: 1
  m_EditorHideFlags: 0
  m_Script: {fileID: -765806418, guid: f70555f144d8491a825f0804e09c671c, type: 3}
  m_Name: 
  m_EditorClassIdentifier: 
  m_Material: {fileID: 0}
  m_Color: {r: 1, g: 1, b: 1, a: 0.392}
  m_RaycastTarget: 1
  m_OnCullStateChanged:
    m_PersistentCalls:
      m_Calls: []
    m_TypeName: UnityEngine.UI.MaskableGraphic+CullStateChangedEvent, UnityEngine.UI,
      Version=1.0.0.0, Culture=neutral, PublicKeyToken=null
  m_Sprite: {fileID: 10907, guid: 0000000000000000f000000000000000, type: 0}
  m_Type: 1
  m_PreserveAspect: 0
  m_FillCenter: 1
  m_FillMethod: 4
  m_FillAmount: 1
  m_FillClockwise: 1
  m_FillOrigin: 0
--- !u!222 &1735608600
CanvasRenderer:
  m_ObjectHideFlags: 0
  m_PrefabParentObject: {fileID: 222493750922700164, guid: be3ced650d9d3bb4dbddaf311fc10fd7,
    type: 2}
  m_PrefabInternal: {fileID: 820238404}
  m_GameObject: {fileID: 1735608596}
